<?xml version="1.0"?>
<record xmlns="http://www.loc.gov/MARC21/slim">
  <leader>01951cjm a2200493Ii 4500</leader>
  <controlfield tag="001">a11381931</controlfield>
  <controlfield tag="003">SIRSI</controlfield>
  <controlfield tag="005">20150921003001.0</controlfield>
  <controlfield tag="007">sq zmnznnmznnb</controlfield>
  <controlfield tag="008">150821r19uu19uucausgnn           n zxx d</controlfield>
  <datafield ind1="0" ind2="2" tag="028">
    <subfield code="a">4057</subfield>
    <subfield code="b">Welte-Mignon</subfield>
  </datafield>
  <datafield ind1=" " ind2=" " tag="040">
    <subfield code="a">STF</subfield>
    <subfield code="b">eng</subfield>
    <subfield code="e">rda</subfield>
    <subfield code="c">STF</subfield>
    <subfield code="d">UtOrBLW</subfield>
  </datafield>
  <datafield ind1=" " ind2=" " tag="049">
    <subfield code="a">STFA</subfield>
  </datafield>
  <datafield ind1="1" ind2=" " tag="100">
    <subfield code="a">Schubert, Franz,</subfield>
    <subfield code="d">1797-1828,</subfield>
    <subfield code="e">composer.</subfield>
    <subfield code=" ">^A210574</subfield>
  </datafield>
  <datafield ind1="1" ind2="0" tag="240">
    <subfield code="a">Winterreise.</subfield>
    <subfield code="p">Lindenbaum;</subfield>
    <subfield code="o">arranged</subfield>
    <subfield code=" ">^A210574</subfield>
  </datafield>
  <datafield ind1="1" ind2="4" tag="245">
    <subfield code="a">The lindentree /</subfield>
    <subfield code="c">Schubert-Liszt.</subfield>
  </datafield>
  <datafield ind1=" " ind2="1" tag="264">
    <subfield code="a">North Hollywood, California :</subfield>
    <subfield code="b">Klavier Music Rolls,</subfield>
    <subfield code="c">[between 1971 and 1987]</subfield>
  </datafield>
  <datafield ind1=" " ind2=" " tag="300">
    <subfield code="a">1 audio roll ;</subfield>
    <subfield code="c">12 1/4 in. x 2 3/4 in.</subfield>
  </datafield>
  <datafield ind1=" " ind2=" " tag="336">
    <subfield code="a">performed music</subfield>
    <subfield code="2">rdacontent</subfield>
  </datafield>
  <datafield ind1=" " ind2=" " tag="337">
    <subfield code="a">audio</subfield>
    <subfield code="2">rdamedia</subfield>
  </datafield>
  <datafield ind1=" " ind2=" " tag="338">
    <subfield code="a">audio roll</subfield>
    <subfield code="2">rdacarrier</subfield>
  </datafield>
  <datafield ind1=" " ind2=" " tag="344">
    <subfield code="a">analog</subfield>
    <subfield code="b">mechanical</subfield>
  </datafield>
  <datafield ind1="0" ind2="1" tag="382">
    <subfield code="a">piano</subfield>
    <subfield code="n">1</subfield>
    <subfield code="s">1</subfield>
    <subfield code="2">lcmpt</subfield>
  </datafield>
  <datafield ind1=" " ind2=" " tag="500">
    <subfield code="a">Title from roll.</subfield>
  </datafield>
  <datafield ind1="0" ind2=" " tag="511">
    <subfield code="a">Josef Lhevinne, piano.</subfield>
  </datafield>
  <datafield ind1=" " ind2=" " tag="500">
    <subfield code="a">Welte-Mignon licensee roll (T-98).</subfield>
  </datafield>
  <datafield ind1=" " ind2=" " tag="500">
    <subfield code="a">Recut. Originally released as a Welte-Mignon red roll, number 4057, issued between 1919 and 1920.</subfield>
  </datafield>
  <datafield ind1=" " ind2="0" tag="650">
    <subfield code="a">Song cycles</subfield>
    <subfield code="v">Excerpts, Arranged.</subfield>
    <subfield code=" ">^A1062772</subfield>
  </datafield>
  <datafield ind1=" " ind2="0" tag="650">
    <subfield code="a">Piano music, Arranged.</subfield>
    <subfield code=" ">^A1049181</subfield>
  </datafield>
  <datafield ind1=" " ind2="0" tag="650">
    <subfield code="a">Player piano rolls.</subfield>
    <subfield code=" ">^A1050086</subfield>
  </datafield>
  <datafield ind1=" " ind2="7" tag="655">
    <subfield code="a">Song cycles.</subfield>
    <subfield code="2">lcgft</subfield>
    <subfield code=" ">^A3344900</subfield>
  </datafield>
  <datafield ind1=" " ind2="7" tag="655">
    <subfield code="a">Excerpts.</subfield>
    <subfield code="2">lcgft</subfield>
    <subfield code=" ">^A3344823</subfield>
  </datafield>
  <datafield ind1=" " ind2="7" tag="655">
    <subfield code="a">Arrangements (Music)</subfield>
    <subfield code="2">lcgft</subfield>
    <subfield code=" ">^A3344913</subfield>
  </datafield>
  <datafield ind1=" " ind2="7" tag="655">
    <subfield code="a">Reproducing piano rolls.</subfield>
    <subfield code="2">local</subfield>
    <subfield code=" ">UNAUTHORIZED</subfield>
  </datafield>
  <datafield ind1=" " ind2="7" tag="655">
    <subfield code="a">Recut piano rolls.</subfield>
    <subfield code="2">local</subfield>
    <subfield code=" ">UNAUTHORIZED</subfield>
  </datafield>
  <datafield ind1="1" ind2=" " tag="700">
    <subfield code="a">Lh&#xE9;vinne, Josef,</subfield>
    <subfield code="d">1874-1944,</subfield>
    <subfield code="e">instrumentalist.</subfield>
    <subfield code=" ">^A599667</subfield>
  </datafield>
  <datafield ind1="1" ind2=" " tag="700">
    <subfield code="a">Liszt, Franz,</subfield>
    <subfield code="d">1811-1886,</subfield>
    <subfield code="e">arranger of music.</subfield>
    <subfield code=" ">^A115732</subfield>
  </datafield>
  <datafield ind1="2" ind2=" " tag="710">
    <subfield code="a">Klavier Music Rolls,</subfield>
    <subfield code="e">publisher.</subfield>
    <subfield code=" ">UNAUTHORIZED</subfield>
  </datafield>
  <datafield ind1=" " ind2=" " tag="916">
    <subfield code="a">DATE CATALOGED</subfield>
    <subfield code="b">20150821</subfield>
  </datafield>
  <datafield ind1=" " ind2=" " tag="994">
    <subfield code="a">C0</subfield>
    <subfield code="b">STF</subfield>
  </datafield>
  <datafield ind1=" " ind2="4" tag="690">
    <subfield code="a">Denis Condon Collection of Reproducing Pianos and Rolls.</subfield>
  </datafield>
  <datafield ind1=" " ind2=" " tag="035">
    <subfield code="a">(OCoLC-M)919009446</subfield>
  </datafield>
  <datafield ind1=" " ind2=" " tag="596">
    <subfield code="a">5</subfield>
  </datafield>
  <datafield ind1=" " ind2=" " tag="999">
    <subfield code="a">CONDON ROLL 881</subfield>
    <subfield code="w">ALPHANUM</subfield>
    <subfield code="c">1</subfield>
    <subfield code="i">36105225788897</subfield>
    <subfield code="l">RECORDINGS</subfield>
    <subfield code="m">ARS</subfield>
    <subfield code="r">N</subfield>
    <subfield code="s">Y</subfield>
    <subfield code="t">NH-RCORDNG</subfield>
    <subfield code="u">8/21/2015</subfield>
  </datafield>
</record>
